@book{ArtofUNIX,
  author         = {Eric S. Raymond},
  editor         = {姜宏\ 何源\ 蔡晓俊},
  title          = {UNIX编程艺术},
  publisher      = {电子工业出版社},
  year           = {2006}
}

@book{knuth1997art,
  title={The art of computer programming},
  author={Knuth, Donald Ervin},
  volume={3},
  year={1997},
  publisher={Pearson Education}
}

@misc{LinuxKernelCode,
  author       = {Martin Estgren},
  title        = {Linux Kernel Code - On Demand},
  howpublished = {\url{https://www.sciion.se/assets/papers/rnn-text-generation.pdf}},
  year         = {2018}
}

@misc{CharRNN,
  author       = {Andrej Karpathy},
  title        = {The Unreasonable Effectiveness of Recurrent Neural Networks},
  howpublished = {\url{http://karpathy.github.io/2015/05/21/rnn-effectiveness/#linux-source-code}},
  year         = {2015}
}

@misc{KISS,
  title        = {KISS原则},
  howpublished = {\url{https://zh.wikipedia.org/wiki/KISS%E5%8E%9F%E5%88%99}},
}

@misc{UNIXwiki,
  title        = {UNIX},
  howpublished = {\url{https://zh.wikipedia.org/wiki/UNIX}}
}

@book{afzal2007unix,
  title={UNIX unbounded: a beginning approach},
  author={Afzal, Amir},
  year={2007},
  publisher={Prentice Hall Press}
}
